@article{song2014infinite,
  title={Infinite and finite dimensional Hilbert tensors},
  author={Song, Yisheng and Qi, Liqun},
  journal={Linear Algebra and Its Applications},
  volume={451},
  pages={1--14},
  year={2014},
  publisher={Elsevier}
}

@book{watkins2004fundamentals,
  title={Fundamentals of matrix computations},
  author={Watkins, David S},
  volume={64},
  year={2004},
  publisher={John Wiley \& Sons}
}


@misc{lopes1996calculo,
  title={C{\'a}lculo num{\'e}rico-Aspectos te{\'o}ricos e computacionais},
  author={LOPES, Vera L{\'u}cia da Rocha and RUGGIERO, M{\'a}rcia A Gomes},
  year={1996},
  publisher={S{\~a}o Paulo: Pearson Makron Books}
}

@book{strang1993introduction,
  title={Introduction to linear algebra},
  author={Strang, Gilbert and Strang, Gilbert and Strang, Gilbert and Strang, Gilbert},
  volume={3},
  year={1993},
  publisher={Wellesley-Cambridge Press Wellesley, MA}
}